% Exemple web
@misc{intro:graduate_tips,
    author = {Monique Gaudet},
    title = {How to Write Excellent Graduate-Level Papers},
    howpublished = "\url{https://online.une.edu/blog/how-to-write-excellent-graduate-level-papers/}",
    year = 2021,
 }
 @misc{corep,
    author = {Corep},
    title = {https://www.corep.fr/le-guide-du-memoire/redaction-memoire/reussir-memoire/},
    howpublished="\url{https://www.corep.fr/le-guide-du-memoire/redaction-memoire/reussir-memoire/}",
    year = 2023
 
 }
 
% Exemple avec rapport scientifique
@inproceedings{vanhoef-usenix2021-fragattacks,
  author = {Mathy Vanhoef},
  title = {Fragment and Forge: Breaking {Wi-Fi} Through Frame Aggregation and Fragmentation},
  booktitle = {Proceedings of the 30th {USENIX} Security Symposium},
  year = {2021},
  month = {August},
  publisher = {{USENIX} Association}
}


